<collection xmlns="http://www.loc.gov/MARC21/slim">
<record>
  <leader>01445nam0a22003131i 450 </leader>
  <controlfield tag="001">IT\ICCU\CNCE\058402</controlfield>
  <controlfield tag="005">20131002000000.0</controlfield>
  <datafield tag="012" ind1=" " ind2=" ">
    <subfield code="a">o.re e.se roTo o.to (C) 1589 (A)</subfield>
    <subfield code="2">fei</subfield>
  </datafield>
  <datafield tag="100" ind1=" " ind2=" ">
    <subfield code="a">20040527d1589        0itac0103    ba</subfield>
  </datafield>
  <datafield tag="101" ind1=" " ind2=" ">
    <subfield code="a">ITA</subfield>
  </datafield>
  <datafield tag="102" ind1=" " ind2=" ">
    <subfield code="a">IT</subfield>
  </datafield>
  <datafield tag="200" ind1="1" ind2=" ">
    <subfield code="a">Roma restaurata. Alla santit ̉di n.s. Sisto Quinto. Del sig. Bernardino Rocco veronese</subfield>
  </datafield>
  <datafield tag="210" ind1=" " ind2=" ">
    <subfield code="a">In Verona</subfield>
    <subfield code="c">appresso Girolamo Discepolo</subfield>
    <subfield code="c">ad istantia di Marc&apos;Antonio Palazzolo</subfield>
    <subfield code="d">1589</subfield>
  </datafield>
  <datafield tag="215" ind1=" " ind2=" ">
    <subfield code="a">\8! c.</subfield>
    <subfield code="d">4ʻ</subfield>
  </datafield>
  <datafield tag="620" ind1=" " ind2=" ">
    <subfield code="a">IT</subfield>
    <subfield code="d">Verona</subfield>
  </datafield>
  <datafield tag="700" ind1=" " ind2="1">
    <subfield code="a">Rocco,</subfield>
    <subfield code="b">Bernardino</subfield>
    <subfield code="3">IT\ICCU\CNCA\023675</subfield>
  </datafield>
  <datafield tag="712" ind1="0" ind2="0">
    <subfield code="a">Discepolo, Girolamo</subfield>
    <subfield code="3">IT\ICCU\CNCT\000153</subfield>
    <subfield code="4">650</subfield>
  </datafield>
  <datafield tag="712" ind1="0" ind2="0">
    <subfield code="a">Palazzolo, Marcantonio</subfield>
    <subfield code="3">IT\ICCU\CNCT\000176</subfield>
    <subfield code="4">650</subfield>
  </datafield>
  <datafield tag="791" ind1="0" ind2="0">
    <subfield code="a">Discipulus, Hieronymus</subfield>
    <subfield code="3">IT\ICCU\CNCT\004702</subfield>
    <subfield code="z">Discepolo, Girolamo</subfield>
  </datafield>
  <datafield tag="791" ind1="0" ind2="0">
    <subfield code="a">Discepoli, Gieronimo</subfield>
    <subfield code="3">IT\ICCU\CNCT\004703</subfield>
    <subfield code="z">Discepolo, Girolamo</subfield>
  </datafield>
  <datafield tag="791" ind1="0" ind2="0">
    <subfield code="a">Palatiolus, Marcus Antonius</subfield>
    <subfield code="3">IT\ICCU\CNCT\004018</subfield>
    <subfield code="z">Palazzolo, Marcantonio</subfield>
  </datafield>
  <datafield tag="801" ind1=" " ind2="3">
    <subfield code="a">IT</subfield>
    <subfield code="b">ICCU</subfield>
    <subfield code="c">20201115</subfield>
  </datafield>
  <datafield tag="899" ind1=" " ind2=" ">
    <subfield code="a">Biblioteca Apostolica Vaticana. Citt ̉del Vaticano</subfield>
    <subfield code="1">EX0001</subfield>
    <subfield code="2">ZCV 01</subfield>
  </datafield>
  <datafield tag="899" ind1=" " ind2=" ">
    <subfield code="a">Biblioteca nazionale Braidense. Milano</subfield>
    <subfield code="1">MI0185</subfield>
    <subfield code="2">MIL NB</subfield>
  </datafield>
  <datafield tag="899" ind1=" " ind2=" ">
    <subfield code="a">Biblioteca civica. Padova</subfield>
    <subfield code="1">PD0090</subfield>
    <subfield code="2">PUV 55</subfield>
  </datafield>
  <datafield tag="899" ind1=" " ind2=" ">
    <subfield code="a">Biblioteca comunale. Treviso</subfield>
    <subfield code="1">TV0114</subfield>
    <subfield code="2">VIA CT</subfield>
  </datafield>
  <datafield tag="899" ind1=" " ind2=" ">
    <subfield code="a">Biblioteca civica. Verona</subfield>
    <subfield code="1">VR0059</subfield>
    <subfield code="2">ZVR 02</subfield>
  </datafield>
  <datafield tag="911" ind1=" " ind2=" ">
    <subfield code="a">Sul front.</subfield>
    <subfield code="9">IT\ICCU\CNCM\000361</subfield>
  </datafield>
  <datafield tag="921" ind1=" " ind2=" ">
    <subfield code="a">IT\ICCU\CNCM\000361</subfield>
    <subfield code="b">Giglio fiorentino.</subfield>
    <subfield code="c">V543</subfield>
    <subfield code="c">Z659</subfield>
    <subfield code="d">Dimensini: 5,2 x 5,5</subfield>
    <subfield code="f">GIGLIO</subfield>
    <subfield code="g">1584-1599</subfield>
  </datafield>
</record>
</collection>
